@book{LinuxDD,
  author =       "Jonathan Corbet and Alessandro Rubini and Greg Kroah Hartman",
  title =        "Linux Devices Drivers",
  publisher =    "O'REILLY Media, Inc.",
  address =      "",
  PAGES =        "1--95",
  year =         2005,
}

@book{UNDERSTANDINGTLK,
  author =       "Daniel P. Bovet and Macro Cesati",
  title =        "Understanding the Linux Kernel",
  publisher =    "O'REILLY Media, Inc.",
  address =      "",
  PAGES =        "397--557",
  year =         2005,
}

@book{theMatrixCookbook,
  author = "Kaare Brandt Petersen, Michael Syskind Pedersen",
  title = "The Matrix Cookbook",
  year = "2012",
  }

@article{wikipediaCF,
title =       {卡尔曼滤波器},
year =        {2016},
note =        {https://zh.wikipedia.org/wiki/卡尔曼滤波器},
}

@article{Logarithm_Wikipedia,
title =       {Logarithm Wikipedia},
year =        {2016},
note =        {https://en.wikipedia.org/wiki/Logarithm\#Arithmetic-geometric\_mean\_approximation},
}

@article{kalman_intro,
title =       {An Introduction to the Kalman Filter},
author =      {Greg Welch, Gary Bishop},
year =        {2006},
note =        {http://www.cs.unc.edu/~welch/media/pdf/kalman\_intro.pdf},
}

@article{Kalman1959,
title = "A New Approach to Linear Filtering and Prediction Problems",
author = "R. E. KALMAN",
year = 1959,
}

@article{Estimating-Position-Kalman-Filter,
title =       {Estimating Position of an Aircraft using Kalman Filter},
author =      {MathWorks},
note =        {http://cn.mathworks.com/help/dsp/examples/estimating-position-of-an-aircraft-using-kalman-filter.html},
}
